--- COMMENTS may be placed outside the @ENTRYTYPE{ ... } stuctures

@article{CMSdiscovery,
      author         = "Chatrchyan, Serguei and others",
      title          = "{Observation of a new boson at a mass of 125 GeV with the
                        CMS experiment at the LHC}",
      collaboration  = "CMS",
      journal        = "Phys. Lett. B",
      volume         = "716",
      year           = "2012",
      pages          = "30",
      doi            = "10.1016/j.physletb.2012.08.021",
      eprint         = "1207.7235",
      archivePrefix  = "arXiv",
      primaryClass   = "hep-ex",
      reportNumber   = "CMS-HIG-12-028, CERN-PH-EP-2012-220",
      SLACcitation   = "%%CITATION = ARXIV:1207.7235;%%"
}

@article{CMS:HGCALTDR,
    collaboration = "CMS",
    title = "{The Phase-2 Upgrade of the CMS Endcap Calorimeter}",
    reportNumber = "CERN-LHCC-2017-023, CMS-TDR-019",
    doi = "10.17181/CERN.IV8M.1JY2",
    year = "2017"
}
